@article{baumer2019impact,
  title={The Impact of College Athletic Success on Donations and Applicant Quality},
  author={Baumer, Benjamin and Zimbalist, Andrew},
  journal={International Journal of Financial Studies},
  volume={7},
  number={2},
  pages={19},
  year={2019},
  publisher={Multidisciplinary Digital Publishing Institute}
}, 

@misc{berkowitz_varney, 
title={College Finances}, url={https://sports.usatoday.com/ncaa/finances/}, 
journal={USA Today}, 
publisher={Gannett Satellite Information Network}, 
author={Berkowitz, Steve and Varney, Jim}
},

@misc{berkowitz_varney, 
title={College Football Head Coach Salaries}, url={https://sports.usatoday.com/ncaa/salaries/}, 
journal={USA Today}, 
publisher={Gannett Satellite Information Network}, 
author={Berkowitz, Steve and Varney, Jim}
},

@misc{wikipedia_2020, 
title={College football national championships in NCAA Division I FBS}, url={https://en.wikipedia.org/wiki/College_football_national_championships_in_NCAA_Division_I_FBS}, 
journal={Wikipedia}, 
publisher={Wikimedia Foundation}, 
year={2020}, 
month={Apr}
},

@misc{ncaa_2019, 
title={FCS Championship: Road to the championship}, url={https://www.ncaa.com/championships/football/fcs/road-to-the-championship}, 
journal={FCS Championship: Road to the championship}, publisher={NCAA.com}, 
author={NCAA}, 
year={2019}, 
month={Nov}
},

@misc{parlier_2020, 
title={College football history: Notable firsts and milestones}, url={https://www.ncaa.com/news/ncaa/article/2020-01-31/college-football-history-notable-firsts-and-milestones}, 
journal={NCAA.com}, 
publisher={NCAA}, 
author={Parlier, Spencer I}, 
year={2020}, 
month={Jan}
},

@article{gladden2005toward,
  title={Toward a Better Understanding of College Athletic Donors: What are The Primary Motives?},
  author={Gladden, James M and Mahony, Daniel F and Apostolopoulou, Artemisia},
  journal={Sport Marketing Quarterly},
  volume={14},
  number={1},
  pages={18},
  year={2005}
},

@misc{powell_2019, 
title={Finances of Intercollegiate Athletics Database}, url={http://www.ncaa.org/about/resources/research/finances-intercollegiate-athletics-database}, 
journal={NCAA.org - The Official Site of the NCAA}, 
author={Powell, R}, 
year={2019}, 
month={Nov}
},

@misc{thomas_2019, 
title={Finances of Intercollegiate Athletics}, url={http://www.ncaa.org/about/resources/research/finances-intercollegiate-athletics}, 
journal={NCAA.org - The Official Site of the NCAA}, 
author={Thomas, D.}, 
year={2019}, 
month={Nov}
},